@article{Arcodia2018,
	author = {Arcodia, Giorgio Francesco},
	journal = {areal tendencies. Linguistics},
	pages = {1197–1243},
	title = {Coordinating nominal compounds: {{{U}}}niversal vs},
	volume = {56},
	year = {2018}
}


@article{AsdahlHolmberg1973,
	author = {Åsdahl Holmberg, Märta},
	journal = {Niederdeutsche Mitteilungen},
	pages = {42--58},
	sortname = {Asdahl Holmberg, Marta},
	title = {Zum Wortbildungstyp nickköppen},
	volume = {29},
	year = {1973}
}


@book{Bloomfield1933,
	address = {New York},
	author = {Bloomfield, Leonard},
	publisher = {Holt, Rinehart and Winston},
	title = {Language},
	year = {1933}
}


@article{BreindlandThurmairThurmair1992,
	author = {Breindl and Thurmair},
	journal = {Deutsche Sprache},
	pages = {32–61},
	title = {Der Fürstbischof im Hosenrock: Eine Studie zu den nominalen Kopulativkomposita des Deutschen},
	volume = {20},
	year = {1992}
}


@book{Breitbarth2005,
	address = {Utrecht},
	author = {Breitbarth, Anne},
	publisher = {LOT},
	title = {{Live} Fast, Die Young – the Short Life of Early Modern {German} Auxiliary Ellipsis},
	year = {2005}
}


Bücking, Sebastian & Jennifer Rau. 2013. German non-inflectional constructions as separate performatives. In Daniel Gutzmann & Hans-Martin Gärtner (eds.), Beyond Expressives: Explorations in Use-Conditional Meaning. Leiden, Boston: Brill. 59–94.

@book{CorbettMcGlashan1993,
	address = {Cambridge},
	booktitle = {Heads in Grammatical Theory},
	editor = {Corbett, Greville G., Norman M. Fraser and Scott McGlashan},
	publisher = {Cambridge University Press},
	title = {Heads in Grammatical Theory},
	year = {1993}
}


Croft, William. 1996. What’s a head? In Johan Rooryck & Laurie Zaring (eds.), Phrase Structure and the Lexicon. Dordrecht: Kluwer. 35–75.

Demske, Ulrike. This volume. Silent heads in Early New High German.

Demske-Neumann, Ulrike. 1990. Charakteristische Strukturen von Satzgefügen in den Zeitungen des 17. Jahrhunderts. In Anne Betten & Claudia M. Riehl (eds.), Neuere Forschungen zur historischen Syntax des Deutschen: Referate der Internationalen Fachkonferenz Eichstätt 1989. Tübingen: Niemeyer. 239–252.

@book{Elsen2014,
	address = {2nd ed. Berlin, Boston},
	author = {Elsen, Hilke},
	publisher = {De Gruyter},
	title = {{Grundzüge} der Morphologie des {Deutschen}},
	year = {2014}
}


@article{Finkbeiner2014,
	author = {Finkbeiner, Rita},
	journal = {Word Structure},
	pages = {182–213},
	title = {Identical constituent compounds in {German}},
	volume = {7},
	year = {2014}
}


@book{FleischerBarz2012,
	address = {4th ed. Berlin, Boston},
	author = {Fleischer, Wolfgang and Irmhild Barz},
	publisher = {De Gruyter},
	title = {{Wortbildung} der deutschen {Gegenwartssprache}},
	year = {2012}
}


@article{Fortmann2007,
	author = {Fortmann, Christian},
	journal = {Zeitschrift für Sprachwissenschaft},
	pages = {1–40},
	title = {Bewegungsresistente {Verben}},
	volume = {26},
	year = {2007}
}


@article{Freywald2015,
	author = {Freywald, Ulrike},
	journal = {Studies in Linguistics},
	note = {. (Special Issue, ed. Daniela Rossi).},
	pages = {905--945},
	title = {Total reduplication as a productive process in {German}},
	volume = {39/4},
	year = {2015}
}


@article{GhomeshiRussell2004,
	author = {Ghomeshi, Jila, Ray Jackendoff, Nicole Rosen and Kevin Russell},
	journal = {Natural Language and Linguistic Theory},
	pages = {307–357},
	title = {Contrastive focus reduplication in {English} (The salad-salad paper)},
	volume = {22},
	year = {2004}
}


@article{vanGinneken1939,
	author = {van Ginneken, Jacques},
	journal = {Onze Taaltuin},
	pages = {132–138},
	title = {De incorporeering der namen van lichaamsdeelen},
	volume = {8},
	year = {1939}
}


@book{Henzen1965,
	address = {3rd ed. Tübingen},
	author = {Henzen, Walter},
	publisher = {Niemeyer},
	title = {{Deutsche} {Wortbildung}},
	year = {1965}
}


@book{Hohenhaus1996,
	address = {Frankfurt am Main},
	author = {Hohenhaus, Peter},
	publisher = {Lang},
	title = {Ad-hoc-{{Wortbildung}} – Terminologie, Typologie und Theorie kreativer {{Wortbildung}} im Englischen},
	year = {1996}
}


@article{Hohenhaus2004,
	author = {Hohenhaus, Peter U.},
	journal = {Folia Linguistica},
	pages = {297–331},
	title = {Identical constituent compounds – a corpus-based study},
	volume = {38},
	year = {2004}
}


Horn, Laurence R. 1993. Economy and redundancy in a dualistic model of natural language. In Susanna Shore & Maria Vilkuna (eds.), SKY 1993. 1993 Yearbook of the Linguistic Association of Finland. Helsinki: Suomen kielitieteellinen yhdistys. 33–72.

Horn, Laurence R. 2018. The lexical clone: Pragmatics, prototypes, productivity. In Rita Finkbeiner & Ulrike Freywald (eds.), Exact Repetition in Grammar and Discourse. Berlin, Boston: De Gruyter Mouton. 233–264.

@article{Hudson1987,
	author = {Hudson, Richards},
	journal = {Journal of Linguistics},
	pages = {109–132},
	title = {Zwicky on heads},
	volume = {23},
	year = {1987}
}


@book{Kaiser2017,
	address = {Eine interaktionslinguistische Untersuchung. Heidelberg},
	author = {Kaiser, Julia},
	publisher = {Winter},
	title = {„Absolute“ Modalverben im gesprochenen {Deutsch}},
	year = {2017}
}


@book{Lieber1981,
	address = {Bloomington},
	author = {Lieber, Rochelle},
	publisher = {Indiana University},
	title = {On the Organization of the Lexicon},
	year = {1981}
}


@book{Lohde2006,
	address = {Tübingen},
	author = {Lohde, Michael},
	publisher = {Narr},
	title = {{Wortbildung} des modernen {Deutschen}},
	year = {2006}
}


Michel, Sascha. 2014. Konstruktionsgrammatik und Wortbildung: theoretische Reflexionen und praktische Anwendungen am Beispiel der Verschmelzung von Konstruktionen. In Alexander Lasch & Alexander Ziem (eds.), Grammatik als Netzwerk von Konstruktionen. Sprachwissen im Fokus der Konstruktionsgrammatik. Berlin, Boston: De Gruyter. 139–156.

@article{Olsen1990,
	author = {Olsen, Susan},
	journal = {Linguistische Berichte},
	pages = {185–216},
	title = {Konversion als ein kombinatorischer Wortbildungsprozess},
	volume = {127},
	year = {1990a}
}


@article{Olsen1990,
	author = {Olsen, Susan},
	journal = {Deutsche Sprache},
	pages = {126–147},
	title = {Zum {Begriff} des morphologischen Heads},
	volume = {18},
	year = {1990b}
}


Olsen, Susan. 2015a. Inversionskompositum. In Stefan J. Schierholz (ed.), Wörterbücher zur Sprach- und Kommunikationswissenschaft (WSK) Online. URL: https://www.degruyter.com/database/WSK/entry/wsk_id_wsk_artikel_artikel_17138/html (accessed 18/06/2022).

Olsen, Susan. 2015b. Composition. In Peter O. Müller, Ingeborg Ohnheiser, Susan Olsen & Franz Rainer (eds.), Word-Formation An International Handbook of the Languages of Europe. Vol 1. Berlin, Bosten: De Gruyter. 364–386.

@book{OrtnerOrtner1984,
	address = {Tübingen},
	author = {Ortner, Hanspeter and Lorelies Ortner},
	publisher = {Narr},
	title = {Zur Theorie und Praxis der Kompositaforschung},
	year = {1984}
}


@article{Pankow2003,
	author = {Pankow, Christiane},
	journal = {Eine Korpusuntersuchung. Linguistik online},
	pages = {89–124},
	title = {Zur {Darstellung} nonverbalen Verhaltens in deutschen und schwedischen {IRC}-Chats},
	volume = {15},
	year = {2003}
}


@book{Plag2003,
	address = {Cambridge},
	author = {Plag, Ingo},
	publisher = {Cambridge University Press},
	title = {Word-Formation in {English}},
	year = {2003}
}


@book{Richling2008,
	address = {Saarbrücken},
	author = {Richling, Julia},
	note = {Müller.},
	publisher = {VDM Verlag Dr},
	title = {Die {Sprache} in Foren und Newsgroups},
	year = {2008}
}


@article{vanRiemsdijk2002,
	author = {van Riemsdijk, Henk},
	journal = {Journal of Comparative Germanic Linguistics},
	pages = {143–196},
	title = {The unbearable lightness of {GO}ing},
	volume = {5},
	year = {2002}
}


van Riemsdijk, Henk. 2012. The absent, the silent, and the audible. Some thoughts on the morphology of silent verbs. In Esther Torrego (ed.), Of Grammar, Words, and Verses. In hHonor of Carlos Piera. Amsterdam, Philadelphia: Benjamins. 19–39.

@article{Schlobinski2001,
	author = {Schlobinski, Peter},
	journal = {Inflektive und Inflektivkonstruktionen im Deutschen. Zeitschrift für germanistische Linguistik},
	pages = {192--218},
	title = {*knuddel – zurueckknuddel – dich ganzdollknuddel*},
	volume = {29},
	year = {2001}
}


@article{Schmidt1996,
	author = {Schmidt, Rosemarie},
	journal = {Zum Head-Status von Präfixen im Deutschen und im Schwedischen. Deutsch als Fremdsprache},
	number = {2},
	pages = {86–91},
	title = {Die “Entübelung” von Wortstrukturproblemen},
	volume = {33},
	year = {1996}
}


@book{Selkirk1982,
	address = {Cambridge, MA},
	author = {Selkirk, Elisabeth},
	publisher = {MIT Press},
	title = {The Syntax of Words},
	year = {1982}
}


Simon, Horst J. & Heike Wiese. 2011. What are exceptions? And what can be done about them? In Horst J. Simon & Heike Wiese (eds.). Expecting the Unexpected. Exceptions in Grammar. Berlin, New York: Mouton De Gruyter. 3–30.

@book{StolzUrdze2011,
	address = {The Areal Linguistics of a Potential Universal. Berlin},
	author = {Stolz, Thomas, Cornelia Stroh and Aina Urdze},
	publisher = {Akademie-Verlag},
	title = {Total Reduplication},
	year = {2011}
}


Teuber, Oliver. 1999. fasel beschreib erwähn – Der Inflektiv als Wortform des Deutschen. In Matthias Butt & Nanna Fuhrhop (eds.), Variation und Stabilität in der Wortstruktur. Hildesheim: Olms. 7–26.

@book{Wälchli2005,
	address = {Oxford},
	author = {Wälchli, Bernhard},
	publisher = {Oxford University Press},
	sortname = {Walchli, Bernhard},
	title = {Co-compounds and Natural Coordination},
	year = {2005}
}


@article{Weggelaar1986,
	author = {Weggelaar, C.},
	journal = {International Journal of American Linguistics},
	number = {3},
	pages = {301–305},
	title = {Noun incorporation in {Dutch}},
	volume = {52},
	year = {1986}
}


@article{Williams1981,
	author = {Williams, Edwin},
	journal = {Linguistic Inquiry},
	number = {2},
	pages = {245–274},
	title = {On the notions ‘lexically related’ and ‘head of a word’},
	volume = {12},
	year = {1981}
}


@article{Zwicky1985,
	author = {Zwicky, Arnold},
	journal = {Journal of Linguistics},
	pages = {1--29},
	title = {Heads},
	volume = {21},
	year = {1985}
}
